<record xmlns="http://www.loc.gov/MARC21/slim" xmlns:xsi="http://www.w3.org/2001/XMLSchema-instance" xsi:schemaLocation="http://www.loc.gov/MARC21/slim http://www.loc.gov/standards/marcxml/schema/MARC21slim.xsd"><leader>03340nam a2200505   4500</leader><controlfield tag="001">002818882</controlfield><controlfield tag="003">NNU</controlfield><controlfield tag="006">m        d        </controlfield><controlfield tag="007">cr cn |||m|||a</controlfield><controlfield tag="008">150223r19681897iq      ob    000 0 ara</controlfield><datafield ind1=" " ind2=" " tag="040"><subfield code="a">NNU</subfield><subfield code="b">eng</subfield><subfield code="e">rda</subfield><subfield code="c">NNU</subfield></datafield><datafield ind1="0" ind2=" " tag="041"><subfield code="a">ara</subfield><subfield code="a">fre</subfield></datafield><datafield ind1=" " ind2="4" tag="050"><subfield code="a">PJ7755.U4</subfield><subfield code="b">A6 1968</subfield></datafield><datafield ind1=" " ind2="4" tag="050"><subfield code="a">PJ7741.U55</subfield><subfield code="b">A6 1968</subfield></datafield><datafield ind1="0" ind2=" " tag="100"><subfield code="6">880-01</subfield><subfield code="a">&#699;Uma&#772;rah ibn &#699;Ali&#772; al-H&#803;akami&#772;,</subfield><subfield code="d">1120 or 1121-1174.</subfield></datafield><datafield ind1="1" ind2="0" tag="240"><subfield code="6">880-02</subfield><subfield code="a">Nukat al-&#699;as&#803;ri&#772;yah fi&#772; akhba&#772;r al-wuzara&#772;&#700; al-Mis&#803;ri&#772;yah</subfield></datafield><datafield ind1="1" ind2="0" tag="245"><subfield code="6">880-03</subfield><subfield code="a">Kita&#772;b fi&#772;hi al-nukat al-&#699;as&#803;ri&#772;yah fi&#772; akhba&#772;r al-wuzara&#772;&#700; al-Mis&#803;ri&#772;yah /</subfield><subfield code="c">ta&#700;li&#772;f Najm al-Di&#772;n Abi&#772; Muh&#803;ammad &#699;Uma&#803;rah ibn Abi&#772; al-H&#803;asan al-H&#803;akami&#772; thumma al-Yamani&#772; ; wa-fi&#772;hi qas&#803;a&#772;&#700;id min shi&#699;rihi wa-maqa&#772;t&#803;i&#772;&#699; min nathrih ; i&#699;tana&#769; bi-tas&#803;h&#803;i&#772;h&#803;ihi Hartwi&#772;gh Daranburgh.</subfield></datafield><datafield ind1="1" ind2="5" tag="246"><subfield code="a">&#699;Ouma&#770;ra du Ye&#769;men :</subfield><subfield code="b">sa vie et son &#230;uvre</subfield></datafield><datafield ind1=" " ind2=" " tag="260"><subfield code="6">880-04</subfield><subfield code="a">Baghda&#772;d :</subfield><subfield code="b">Maktabat al-Muthanna&#769;,</subfield><subfield code="c">[1968?]</subfield></datafield><datafield ind1=" " ind2=" " tag="300"><subfield code="a">online resource (volumes)</subfield></datafield><datafield ind1=" " ind2=" " tag="336"><subfield code="a">text</subfield><subfield code="2">rdacontent</subfield></datafield><datafield ind1=" " ind2=" " tag="337"><subfield code="a">computer</subfield><subfield code="2">rdamedia</subfield></datafield><datafield ind1=" " ind2=" " tag="338"><subfield code="a">online resource</subfield><subfield code="2">rdacarrier</subfield></datafield><datafield ind1="1" ind2=" " tag="490"><subfield code="a">Publications de l&#700;E&#769;cole des langues orientales vivantes. 4e se&#769;r. ;</subfield><subfield code="v">v. 10</subfield></datafield><datafield ind1=" " ind2=" " tag="500"><subfield code="a">Part of the Arabic Collections Online (ACO) project, contributed by New York Univeristy Libraries.</subfield></datafield><datafield ind1=" " ind2=" " tag="533"><subfield code="a">Electronic reproduction.</subfield><subfield code="b">New York, N.Y. :</subfield><subfield code="c">New York University,</subfield><subfield code="d">2015.</subfield><subfield code="5">NNU</subfield></datafield><datafield ind1=" " ind2=" " tag="546"><subfield code="a">Arabic with preface in French.</subfield></datafield><datafield ind1=" " ind2=" " tag="500"><subfield code="a">Reprint of v. 1 of the ed. published in Paris, 1897.</subfield></datafield><datafield ind1=" " ind2=" " tag="504"><subfield code="a">Includes bibliographical references.</subfield></datafield><datafield ind1="0" ind2="0" tag="600"><subfield code="6">880-05</subfield><subfield code="a">&#699;Uma&#772;rah ibn &#699;Ali&#772; al-H&#803;akami&#772;,</subfield><subfield code="d">1120 or 1121-1174.</subfield></datafield><datafield ind1="0" ind2="7" tag="600"><subfield code="a">&#699;Uma&#772;rah ibn &#699;Ali&#772; al-H&#803;akami&#772;,</subfield><subfield code="d">1120 or 1121-1174</subfield><subfield code="2">fast</subfield><subfield code="0">(OCoLC)fst01852182</subfield></datafield><datafield ind1="1" ind2=" " tag="700"><subfield code="a">Derenbourg, Hartwig,</subfield><subfield code="d">1844-1908.</subfield></datafield><datafield ind1="2" ind2=" " tag="710"><subfield code="a">New York University.</subfield><subfield code="b">Libraries.</subfield></datafield><datafield ind1="0" ind2=" " tag="730"><subfield code="a">Arabic Collections Online.</subfield></datafield><datafield ind1="0" ind2="8" tag="776"><subfield code="i">Online version:</subfield><subfield code="a">&#699;Uma&#772;rah ibn &#699;Ali&#772; al-H&#803;akami&#772;, 1120 or 21-1174.</subfield><subfield code="s">Nukat al-&#699;as&#803;ri&#772;yah fi&#772; akhba&#772;r al-wuzara&#772;&#700; al-Mis&#803;ri&#772;yah.</subfield><subfield code="t">Kita&#772;b fi&#772;hi al-nukat al-&#699;as&#803;ri&#772;yah fi&#772; akhba&#772;r al-wuzara&#772;&#700; al-Mis&#803;ri&#772;yah.</subfield><subfield code="d">Baghda&#772;d : Maktabat al-Muthanna&#769;, [1968?]</subfield><subfield code="w">(OCoLC)541314976</subfield></datafield><datafield ind1="0" ind2="8" tag="776"><subfield code="i">Print version:</subfield><subfield code="a">&#699;Uma&#772;rah ibn &#699;Ali&#772; al-H&#803;akami&#772;, 1120 or 1121-1174.</subfield><subfield code="t">Kita&#772;b fi&#772;hi al-nukat al-&#699;as&#803;ri&#772;yah fi&#772; akhba&#772;r al-wuzara&#772;&#700; al-Mis&#803;ri&#772;yah</subfield><subfield code="w">(NNU)002818882</subfield><subfield code="w">(DLC)   76961406</subfield></datafield><datafield ind1="4" ind2="0" tag="856"><subfield code="u">http://hdl.handle.net/2333.1/cc2fr104</subfield></datafield><datafield ind1="0" ind2=" " tag="880"><subfield code="6">100-01/</subfield><subfield code="a">&#1593;&#1605;&#1575;&#1585;&#1577; &#1576;&#1606; &#1593;&#1604;&#1610; &#1575;&#1604;&#1581;&#1603;&#1605;&#1610;&#1548;</subfield><subfield code="d">1120 or 1121-1174.</subfield></datafield><datafield ind1="1" ind2="0" tag="880"><subfield code="6">240-02/</subfield><subfield code="a">&#1606;&#1603;&#1578; &#1575;&#1604;&#1593;&#1589;&#1585;&#1610;&#1577; &#1601;&#1610; &#1571;&#1582;&#1576;&#1575;&#1585; &#1575;&#1604;&#1608;&#1586;&#1585;&#1575;&#1569; &#1575;&#1604;&#1605;&#1589;&#1585;&#1610;&#1607;</subfield></datafield><datafield ind1="1" ind2="0" tag="880"><subfield code="6">245-03/</subfield><subfield code="a">&#1603;&#1578;&#1575;&#1576; &#1601;&#1610;&#1607; &#1575;&#1604;&#1606;&#1603;&#1577; &#1575;&#1604;&#1593;&#1589;&#1585;&#1610;&#1577; &#1601;&#1610; &#1575;&#1582;&#1576;&#1575;&#1585; &#1575;&#1604;&#1608;&#1586;&#1585;&#1575;&#1569; &#1575;&#1604;&#1605;&#1589;&#1585;&#1610;&#1577; /</subfield><subfield code="c">&#1578;&#1571;&#1604;&#1610;&#1601; &#1606;&#1580;&#1605; &#1575;&#1604;&#1583;&#1610;&#1606; &#1571;&#1576;&#1610; &#1605;&#1581;&#1605;&#1583; &#1593;&#1605;&#1585;&#1577; &#1576;&#1606; &#1571;&#1576;&#1610; &#1575;&#1604;&#1581;&#1587;&#1606; &#1575;&#1604;&#1581;&#1603;&#1605;&#1610; &#1579;&#1605; &#1575;&#1604;&#1610;&#1605;&#1606;&#1610; &#1563; &#1608;&#1601;&#1610;&#1607; &#1602;&#1589;&#1575;&#1574;&#1583; &#1605;&#1606; &#1588;&#1593;&#1585;&#1607; &#1608;&#1605;&#1602;&#1575;&#1591;&#1610;&#1593; &#1605;&#1606; &#1606;&#1579;&#1585;&#1607; &#1563; &#1575;&#1593;&#1578;&#1606;&#1609; &#1576;&#1578;&#1589;&#1581;&#1610;&#1581;&#1607; &#1607;&#1585;&#1578;&#1608;&#1610;&#1594; &#1583;&#1585;&#1606;&#1576;&#1585;&#1594;.</subfield></datafield><datafield ind1=" " ind2=" " tag="880"><subfield code="6">260-04/</subfield><subfield code="a">&#1576;&#1594;&#1583;&#1575;&#1583; :</subfield><subfield code="b">&#1605;&#1603;&#1578;&#1576;&#1577; &#1575;&#1604;&#1605;&#1579;&#1606;&#1609;&#1548;</subfield><subfield code="c">[1968?]</subfield></datafield><datafield ind1="0" ind2="4" tag="880"><subfield code="6">600-05/</subfield><subfield code="a">&#1593;&#1605;&#1575;&#1585;&#1577; &#1576;&#1606; &#1593;&#1604;&#1610; &#1575;&#1604;&#1581;&#1603;&#1605;&#1610;.</subfield></datafield><datafield ind1=" " ind2="0" tag="830"><subfield code="a">Publications de l'E&#769;cole des langues orientales vivantes.</subfield><subfield code="n">4. se&#769;r. ;</subfield><subfield code="v">v. 10.</subfield></datafield><datafield ind1=" " ind2=" " tag="959"><subfield code="a">NNU</subfield><subfield code="b">WEB</subfield><subfield code="c">GENI</subfield><subfield code="t">0</subfield><subfield code="m">Electronic access</subfield><subfield code="s">01</subfield></datafield><datafield ind1=" " ind2=" " tag="999"><subfield code="i">NNU_002818882</subfield><subfield code="s">nyu_aco000372</subfield><subfield code="e">(ERROR-880)</subfield></datafield></record>